<record xmlns="http://www.loc.gov/MARC21/slim" xmlns:xsi="http://www.w3.org/2001/XMLSchema-instance" xsi:schemaLocation="http://www.loc.gov/MARC21/slim http://www.loc.gov/standards/marcxml/schema/MARC21slim.xsd"><leader>     nam a22        4500</leader><controlfield tag="001">3058921</controlfield><controlfield tag="003">NNC</controlfield><controlfield tag="006">m        d        </controlfield><controlfield tag="007">cr cn |||m|||a</controlfield><controlfield tag="008">150601s1913    ua      o     000 0 ara  </controlfield><datafield ind1=" " ind2=" " tag="040"><subfield code="a">NNU</subfield><subfield code="b">eng</subfield><subfield code="e">rda</subfield><subfield code="c">NNU</subfield></datafield><datafield ind1=" " ind2="4" tag="050"><subfield code="a">BP195.M6</subfield><subfield code="b">Q35 1912</subfield></datafield><datafield ind1="1" ind2=" " tag="100"><subfield code="6">880-01</subfield><subfield code="a">Qa&#772;simi&#772;, Jama&#772;l al-Di&#772;n,</subfield><subfield code="d">1866-1914.</subfield></datafield><datafield ind1="1" ind2="0" tag="240"><subfield code="6">880-02</subfield><subfield code="a">Ta&#772;ri&#772;kh al-Jahmi&#772;yah wa-al-Mu&#699;tazilah</subfield></datafield><datafield ind1="1" ind2="0" tag="245"><subfield code="6">880-03</subfield><subfield code="a">Kita&#772;b ta&#772;ri&#772;kh al-Jahmi&#772;yah wa-al-Mu&#699;tazilah /</subfield><subfield code="c">ta&#700;li&#772;f Jama&#772;l al-Di&#772;n al-Qa&#772;simi&#772; al-Dimashqi&#772;.</subfield></datafield><datafield ind1=" " ind2=" " tag="250"><subfield code="6">880-04</subfield><subfield code="a">al-T&#803;ab&#699;ah 1.</subfield></datafield><datafield ind1=" " ind2=" " tag="260"><subfield code="6">880-05</subfield><subfield code="a">Mis&#803;r :</subfield><subfield code="b">Mat&#803;ba&#699;at al-Mana&#772;r,</subfield><subfield code="c">1331 [1913]</subfield></datafield><datafield ind1=" " ind2=" " tag="300"><subfield code="a">online resource (84 pages)</subfield></datafield><datafield ind1=" " ind2=" " tag="336"><subfield code="a">text</subfield><subfield code="2">rdacontent</subfield></datafield><datafield ind1=" " ind2=" " tag="337"><subfield code="a">computer</subfield><subfield code="2">rdamedia</subfield></datafield><datafield ind1=" " ind2=" " tag="338"><subfield code="a">online resource</subfield><subfield code="2">rdacarrier</subfield></datafield><datafield ind1=" " ind2=" " tag="500"><subfield code="6">880-06</subfield><subfield code="a">"Nashar fi&#772; al-mujallad al-sa&#772;dis &#699;ashar min Majallat al-Mana&#772;r."</subfield></datafield><datafield ind1=" " ind2=" " tag="500"><subfield code="a">Part of the Arabic Collections Online (ACO) project, contributed by Columbia University Libraries.</subfield></datafield><datafield ind1=" " ind2=" " tag="533"><subfield code="a">Electronic reproduction.</subfield><subfield code="b">New York, N.Y. :</subfield><subfield code="c">New York University,</subfield><subfield code="d">2015.</subfield><subfield code="5">NNU</subfield></datafield><datafield ind1=" " ind2="0" tag="650"><subfield code="a">Motazilites.</subfield></datafield><datafield ind1=" " ind2="0" tag="650"><subfield code="a">Jahmi&#772;yah.</subfield></datafield><datafield ind1=" " ind2="7" tag="650"><subfield code="a">Jahmi&#772;yah.</subfield><subfield code="2">fast</subfield><subfield code="0">(OCoLC)fst00981121</subfield></datafield><datafield ind1=" " ind2="7" tag="650"><subfield code="a">Motazilites.</subfield><subfield code="2">fast</subfield><subfield code="0">(OCoLC)fst01026830</subfield></datafield><datafield ind1="2" ind2=" " tag="710"><subfield code="a">Columbia University.</subfield><subfield code="b">Libraries.</subfield></datafield><datafield ind1="0" ind2=" " tag="730"><subfield code="a">Arabic Collections Online.</subfield></datafield><datafield ind1="0" ind2="8" tag="776"><subfield code="i">Online version:</subfield><subfield code="a">Qa&#772;simi&#772;, Jama&#772;l al-Di&#772;n, 1866-1914.</subfield><subfield code="s">Ta&#772;ri&#772;kh al-Jahmi&#772;yah wa-al-Mu&#699;tazilah.</subfield><subfield code="t">Kita&#772;b ta&#772;ri&#772;kh al-Jahmi&#772;yah wa-al-Mu&#699;tazilah.</subfield><subfield code="b">al-T&#803;ab&#699;ah 1.</subfield><subfield code="d">Mis&#803;r : Mat&#803;ba&#699;at al-Mana&#772;r, 1331 [1913]</subfield><subfield code="w">(OCoLC)555203135</subfield></datafield><datafield ind1="0" ind2="8" tag="776"><subfield code="i">Print version:</subfield><subfield code="a">Qa&#772;simi&#772;, Jama&#772;l al-Di&#772;n, 1866-1914.</subfield><subfield code="t">Kita&#772;b ta&#772;ri&#772;kh al-Jahmi&#772;yah wa-al-Mu&#699;tazilah</subfield><subfield code="w">(NNC)3058921</subfield><subfield code="w">(DLC)   73265027 </subfield><subfield code="w">(OCoLC)11749558</subfield></datafield><datafield ind1="4" ind2="0" tag="856"><subfield code="u">http://hdl.handle.net/2333.1/4f4qrhxr</subfield></datafield><datafield ind1="1" ind2=" " tag="880"><subfield code="6">100-01/r</subfield><subfield code="a">&#1602;&#1575;&#1587;&#1605;&#1610;&#1548; &#1580;&#1605;&#1575;&#1604; &#1575;&#1604;&#1583;&#1610;&#1606;&#1548;</subfield><subfield code="d">1866-1914.</subfield></datafield><datafield ind1="1" ind2="0" tag="880"><subfield code="6">240-02/r</subfield><subfield code="a">&#1578;&#1575;&#1585;&#1610;&#1582; &#1575;&#1604;&#1580;&#1607;&#1605;&#1610;&#1577; &#1608;&#1575;&#1604;&#1605;&#1593;&#1578;&#1586;&#1604;&#1577;</subfield></datafield><datafield ind1="1" ind2="0" tag="880"><subfield code="6">245-03/r</subfield><subfield code="a">&#1603;&#1578;&#1575;&#1576; &#1578;&#1575;&#1585;&#1610;&#1582; &#1575;&#1604;&#1580;&#1607;&#1605;&#1610;&#1577; &#1608;&#1575;&#1604;&#1605;&#1593;&#1578;&#1586;&#1604;&#1577; /</subfield><subfield code="c">&#1578;&#1571;&#1604;&#1610;&#1601; &#1580;&#1605;&#1575;&#1604; &#1575;&#1604;&#1583;&#1610;&#1606; &#1575;&#1604;&#1602;&#1575;&#1587;&#1605;&#1610; &#1575;&#1604;&#1583;&#1605;&#1588;&#1602;&#1610;.</subfield></datafield><datafield ind1=" " ind2=" " tag="880"><subfield code="6">250-04/r</subfield><subfield code="a">&#1575;&#1604;&#1591;&#1576;&#1593;&#1577; 1.</subfield></datafield><datafield ind1=" " ind2=" " tag="880"><subfield code="6">260-05/r</subfield><subfield code="a">&#1605;&#1589;&#1585; :</subfield><subfield code="b">&#1605;&#1591;&#1576;&#1593;&#1577; &#1575;&#1604;&#1605;&#1606;&#1575;&#1585;&#1548;</subfield><subfield code="c">1331 [1913]</subfield></datafield><datafield ind1=" " ind2=" " tag="880"><subfield code="6">500-06/r</subfield><subfield code="a">"&#1606;&#1588;&#1585; &#1601;&#1610; &#1575;&#1604;&#1605;&#1580;&#1604;&#1583; &#1575;&#1604;&#1587;&#1575;&#1583;&#1587; &#1593;&#1588;&#1585; &#1605;&#1606; &#1605;&#1580;&#1604;&#1577; &#1575;&#1604;&#1605;&#1606;&#1575;&#1585;."</subfield></datafield><datafield ind1=" " ind2=" " tag="959"><subfield code="a">NNU</subfield><subfield code="b">WEB</subfield><subfield code="c">GENI</subfield><subfield code="t">0</subfield><subfield code="m">Electronic access</subfield><subfield code="s">01</subfield></datafield><datafield ind1=" " ind2=" " tag="999"><subfield code="i">NNC_3058921</subfield><subfield code="o">(OCoLC)ocm11749558</subfield><subfield code="s">columbia_aco000553</subfield><subfield code="e">(ERROR-880)</subfield><subfield code="s">columbia_aco000553</subfield></datafield></record>